@inproceedings{bizer2013deployment,
  added-at = {2013-09-02T18:03:39.000+0200},
  author = {Bizer, Christian and Eckert, Kai and Meusel, Robert and Mühleisen, Hannes and Schuhmacher, Michael and Völker, Johanna},
  biburl = {http://www.bibsonomy.org/bibtex/2876b8955f53e1287ee701dbfb1759831/volha.bryl},
  booktitle = {12th International Semantic Web Conference, 21-25 October 2013, Sydney, Australia, In-Use track},
  interhash = {49435e729388d552919ea2595c82f6f0},
  intrahash = {876b8955f53e1287ee701dbfb1759831},
  keywords = {lod2page},
  timestamp = {2013-09-02T18:03:39.000+0200},
  title = {Deployment of RDFa, Microdata, and Microformats on the Web – A Quantitative Analysis},
  year = 2013
}
